@article{lee2024lidar,
  title={LiDAR odometry survey: recent advancements and remaining challenges},
  author={Lee, Dongjae and Jung, Minwoo and Yang, Wooseong and Kim, Ayoung},
  journal={Intelligent Service Robotics},
  volume={17},
  number={2},
  pages={95--118},
  year={2024},
  publisher={Springer}
}
@article{he2020review,
  title={A review of monocular visual odometry},
  author={He, Ming and Zhu, Chaozheng and Huang, Qian and Ren, Baosen and Liu, Jintao},
  journal={The Visual Computer},
  volume={36},
  number={5},
  pages={1053--1065},
  year={2020},
  publisher={Springer}
}
@article{vizzo2023kiss,
  title={Kiss-icp: In defense of point-to-point icp--simple, accurate, and robust registration if done the right way},
  author={Vizzo, Ignacio and Guadagnino, Tiziano and Mersch, Benedikt and Wiesmann, Louis and Behley, Jens and Stachniss, Cyrill},
  journal={IEEE Robotics and Automation Letters},
  volume={8},
  number={2},
  pages={1029--1036},
  year={2023},
  publisher={IEEE}
}
@article{koide2024glim,
  title={Glim: 3d range-inertial localization and mapping with gpu-accelerated scan matching factors},
  author={Koide, Kenji and Yokozuka, Masashi and Oishi, Shuji and Banno, Atsuhiko},
  journal={Robotics and Autonomous Systems},
  volume={179},
  pages={104750},
  year={2024},
  publisher={Elsevier}
}
@article{yuan2023sdv,
  title={SDV-LOAM: semi-direct visual--LiDAR Odometry and mapping},
  author={Yuan, Zikang and Wang, Qingjie and Cheng, Ken and Hao, Tianyu and Yang, Xin},
  journal={IEEE Transactions on Pattern Analysis and Machine Intelligence},
  volume={45},
  number={9},
  pages={11203--11220},
  year={2023},
  publisher={IEEE}
}